<record><leader>00000cas a2200000 a 4500</leader><controlfield tag="001">25702676</controlfield><controlfield tag="008">920424d19291971fludn ne      0    0eng d</controlfield><datafield ind1=" " ind2=" " tag="010"><subfield code="a">sn 92061553 </subfield></datafield><datafield ind1=" " ind2=" " tag="040"><subfield code="a">NYS</subfield><subfield code="b">eng</subfield><subfield code="c">NYS</subfield><subfield code="d">FUG</subfield><subfield code="d">OCLCQ</subfield><subfield code="d">OCLCF</subfield><subfield code="d">OCLCO</subfield></datafield><datafield ind1="1" ind2=" " tag="029"><subfield code="a">AU@</subfield><subfield code="b">000020700977</subfield></datafield><datafield ind1=" " ind2=" " tag="042"><subfield code="a">msc</subfield></datafield><datafield ind1=" " ind2=" " tag="043"><subfield code="a">n-us-fl</subfield></datafield><datafield ind1="0" ind2="0" tag="245"><subfield code="a">Miami Beach daily sun.</subfield></datafield><datafield ind1="3" ind2="0" tag="246"><subfield code="a">Miami Beach sun</subfield></datafield><datafield ind1=" " ind2=" " tag="260"><subfield code="a">Miami Beach, Fla. :</subfield><subfield code="b">Miami Tribune Inc.</subfield></datafield><datafield ind1=" " ind2=" " tag="300"><subfield code="a">v.</subfield></datafield><datafield ind1=" " ind2=" " tag="310"><subfield code="a">Daily (except Saturday and holidays)</subfield></datafield><datafield ind1="1" ind2=" " tag="362"><subfield code="a">Began in 1929; ceased in 1971.</subfield></datafield><datafield ind1=" " ind2=" " tag="580"><subfield code="a">Merged with: Miami Beach reporter, to become: Daily sun-reporter.</subfield></datafield><datafield ind1=" " ind2=" " tag="588"><subfield code="a">Description based on: Vol. 35, no. 19 (Nov. 22, 1963).</subfield></datafield><datafield ind1=" " ind2="0" tag="651"><subfield code="a">Miami Beach (Fla.)</subfield><subfield code="v">Newspapers.</subfield></datafield><datafield ind1=" " ind2="0" tag="651"><subfield code="a">Miami-Dade County (Fla.)</subfield><subfield code="v">Newspapers.</subfield></datafield><datafield ind1=" " ind2="7" tag="655"><subfield code="a">Newspapers.</subfield><subfield code="2">fast</subfield><subfield code="0">(OCoLC)fst01423814</subfield></datafield><datafield ind1=" " ind2="7" tag="651"><subfield code="a">Florida</subfield><subfield code="z">Miami Beach.</subfield><subfield code="2">fast</subfield><subfield code="0">(OCoLC)fst01204159</subfield></datafield><datafield ind1=" " ind2="7" tag="651"><subfield code="a">Florida</subfield><subfield code="z">Miami-Dade County.</subfield><subfield code="2">fast</subfield><subfield code="0">(OCoLC)fst01287298</subfield></datafield><datafield ind1=" " ind2=" " tag="752"><subfield code="a">United States</subfield><subfield code="b">Florida</subfield><subfield code="c">Miami-Dade</subfield><subfield code="d">Miami Beach.</subfield></datafield><datafield ind1="1" ind2="7" tag="785"><subfield code="t">Miami Beach reporter</subfield><subfield code="w">(DLC)sn 99027064</subfield><subfield code="w">(OCoLC)43181529</subfield></datafield><datafield ind1="1" ind2="7" tag="785"><subfield code="t">Daily sun-reporter</subfield><subfield code="w">(DLC)sn 99027065</subfield><subfield code="w">(OCoLC)43182465</subfield></datafield></record>